@book{thrun2005probabilistic,
  title={Probabilistic robotics},
  author={Thrun, Sebastian and Burgard, Wolfram and Fox, Dieter},
  year={2005},
  publisher={MIT press}
}
@ONLINE{pinheiro2014,
author = {Pinheiro, Paulo},
title = {Kalman Filter for Mobile Robot Localization {@ONLINE}},
month = may,
year = {2014},
url = {https://docs.google.com/viewer?a=v&pid=sites&srcid=ZGVmYXVsdGRvbWFpbnxwYXVsb3BpbmV8Z3g6NWExMGI2MmZhZmViMzg3}
}
@inproceedings{yao2010path,
  title={Path planning for virtual human motion using improved A* star algorithm},
  author={Yao, Junfeng and Lin, Chao and Xie, Xiaobiao and Wang, Andy JuAn and Hung, Chih-Cheng},
  booktitle={Information Technology: New Generations (ITNG), 2010 Seventh International Conference on},
  pages={1154--1158},
  year={2010},
  organization={IEEE}
}
@article{duchovn2014path,
  title={Path planning with modified a star algorithm for a mobile robot},
  author={Ducho{\v{n}}, Franti{\v{s}}ek and Babinec, Andrej and Kajan, Martin and Be{\v{n}}o, Peter and Florek, Martin and Fico, Tom{\'a}{\v{s}} and Juri{\v{s}}ica, Ladislav},
  journal={Procedia Engineering},
  volume={96},
  pages={59--69},
  year={2014},
  publisher={Elsevier}
}
@article{wescott2000pid,
  title={PID without a PhD},
  author={Wescott, Tim},
  journal={Embedded Systems Programming},
  volume={13},
  number={11},
  pages={1--7},
  year={2000}
}
@phdthesis{watkins1989learning,
  title={Learning from delayed rewards},
  author={Watkins, Christopher John Cornish Hellaby},
  year={1989},
  school={King's College, Cambridge}
}
@article{geramifard2013tutorial,
  title={A tutorial on linear function approximators for dynamic programming and reinforcement learning},
  author={Geramifard, Alborz and Walsh, Thomas J and Tellex, Stefanie and Chowdhary, Girish and Roy, Nicholas and How, Jonathan P and others},
  journal={Foundations and Trends{\textregistered} in Machine Learning},
  volume={6},
  number={4},
  pages={381--383},
  year={2013},
  publisher={Now Publishers, Inc.}
}
@article{lima2009algoritmo,
  title={Algoritmo Q-learning como estrat{\'e}gia de explora{\c{c}}{\~a}o e/ou explota{\c{c}}{\~a}o para metaheur{\'\i}sticas GRASP e algoritmo gen{\'e}tico},
  author={Lima J{\'u}nior, Francisco Chagas de},
  year={2009},
  publisher={Universidade Federal do Rio Grande do Norte}
}
