@article{Beom:1995,
  title={A sensor-based navigation for a mobile robot using fuzzy logic and reinforcement learning},
  author={Beom, Hee Rak and Cho, Hyung Suck},
  journal={IEEE transactions on Systems, Man, and Cybernetics},
  volume={25},
  number={3},
  pages={464--477},
  year={1995},
  publisher={IEEE}
}

@article{Omrane:2016,
  title={Fuzzy Logic Based Control for Autonomous Mobile Robot Navigation},
  author={Omrane, Hajer and Masmoudi, Mohamed Slim and Masmoudi, Mohamed},
  journal={Computational Intelligence and Neuroscience},
  volume={2016},
  year={2016},
  publisher={Hindawi Publishing Corporation}
}
